<record><leader>00000cas a2200000 a 4500</leader><controlfield tag="001">36079401</controlfield><controlfield tag="007">hd afb---bacp</controlfield><controlfield tag="007">hd bfb---baap</controlfield><controlfield tag="007">hd bfb---babp</controlfield><controlfield tag="008">961213d1980198ufluwr nea     0    0eng c</controlfield><datafield ind1=" " ind2=" " tag="010"><subfield code="a">sn 96027736 </subfield></datafield><datafield ind1=" " ind2=" " tag="040"><subfield code="a">FUG</subfield><subfield code="b">eng</subfield><subfield code="c">FUG</subfield><subfield code="d">OCLCQ</subfield><subfield code="d">OCLCF</subfield><subfield code="d">OCLCO</subfield></datafield><datafield ind1=" " ind2=" " tag="012"><subfield code="i">9612</subfield></datafield><datafield ind1="1" ind2=" " tag="029"><subfield code="a">AU@</subfield><subfield code="b">000012975217</subfield></datafield><datafield ind1=" " ind2=" " tag="037"><subfield code="b">George A. Smathers Libraries, University of Florida, Preservation Office, Gainesville, FL 32611</subfield></datafield><datafield ind1=" " ind2=" " tag="042"><subfield code="a">pcc</subfield></datafield><datafield ind1=" " ind2=" " tag="043"><subfield code="a">n-us-fl</subfield></datafield><datafield ind1="0" ind2=" " tag="130"><subfield code="a">Herald (Tarpon Springs, Fla. : Palm Harbor, Holiday, Tarpon Springs ed.)</subfield></datafield><datafield ind1="1" ind2="0" tag="245"><subfield code="a">Herald</subfield><subfield code="h">[microform].</subfield></datafield><datafield ind1=" " ind2=" " tag="250"><subfield code="a">Palm Harbor, Holiday, Tarpon Springs [ed.].</subfield></datafield><datafield ind1=" " ind2=" " tag="260"><subfield code="a">Tarpon Springs, Fla. :</subfield><subfield code="b">Pinellas Publishers</subfield></datafield><datafield ind1=" " ind2=" " tag="300"><subfield code="a">v. :</subfield><subfield code="b">ill.</subfield></datafield><datafield ind1=" " ind2=" " tag="310"><subfield code="a">Weekly</subfield></datafield><datafield ind1="1" ind2=" " tag="362"><subfield code="a">Began in 1980?</subfield></datafield><datafield ind1=" " ind2=" " tag="500"><subfield code="a">Later called: Tarpon Springs, Holiday, Palm Harbor [ed.], &lt;1986&gt;.</subfield></datafield><datafield ind1=" " ind2=" " tag="580"><subfield code="a">Formed by the union of: Palm Harbor herald, and: Holiday herald (Holiday, Fla.), and: Tarpon Springs herald (Tarpon Springs, Fla. : 1973).</subfield></datafield><datafield ind1=" " ind2=" " tag="588"><subfield code="a">Description based on: Vol. 12, no. 16 (Apr. 22, 1982).</subfield></datafield><datafield ind1=" " ind2=" " tag="588"><subfield code="a">Latest issue consulted: Vol. 15, no. 36 (Sept. 4, 1986).</subfield></datafield><datafield ind1=" " ind2=" " tag="533"><subfield code="a">Microfilm.</subfield><subfield code="m">v.12:no. 16-v.15:no. 36 (Apr. 22, 1982-Sept. 4, 1986):[Lacks all but three issues.]</subfield><subfield code="b">Gainesville, FL :</subfield><subfield code="c">George A. Smathers Libraries, University of Florida,</subfield><subfield code="d">1995.</subfield><subfield code="e">2 microfilm reels ; 35 mm.</subfield><subfield code="n">Filmed with: Herald (Tarpon Springs, Fla. : Dunedin, Oldsmar, Countryside ed.).</subfield></datafield><datafield ind1=" " ind2=" " tag="539"><subfield code="a">d</subfield><subfield code="b">1982</subfield><subfield code="c">1985</subfield><subfield code="d">flu</subfield><subfield code="e">u</subfield><subfield code="f">u</subfield><subfield code="g">a</subfield></datafield><datafield ind1=" " ind2="0" tag="651"><subfield code="a">Palm Harbor (Fla.)</subfield><subfield code="v">Newspapers.</subfield></datafield><datafield ind1=" " ind2="0" tag="651"><subfield code="a">Tarpon Springs (Fla.)</subfield><subfield code="v">Newspapers.</subfield></datafield><datafield ind1=" " ind2="0" tag="651"><subfield code="a">Pinellas County (Fla.)</subfield><subfield code="v">Newspapers.</subfield></datafield><datafield ind1=" " ind2="0" tag="651"><subfield code="a">Holiday (Fla.)</subfield><subfield code="v">Newspapers.</subfield></datafield><datafield ind1=" " ind2="0" tag="651"><subfield code="a">Pasco County (Fla.)</subfield><subfield code="v">Newspapers.</subfield></datafield><datafield ind1=" " ind2="7" tag="655"><subfield code="a">Newspapers.</subfield><subfield code="2">fast</subfield><subfield code="0">(OCoLC)fst01423814</subfield></datafield><datafield ind1=" " ind2="7" tag="651"><subfield code="a">Florida</subfield><subfield code="z">Holiday.</subfield><subfield code="2">fast</subfield><subfield code="0">(OCoLC)fst01215435</subfield></datafield><datafield ind1=" " ind2="7" tag="651"><subfield code="a">Florida</subfield><subfield code="z">Palm Harbor.</subfield><subfield code="2">fast</subfield><subfield code="0">(OCoLC)fst01215406</subfield></datafield><datafield ind1=" " ind2="7" tag="651"><subfield code="a">Florida</subfield><subfield code="z">Pasco County.</subfield><subfield code="2">fast</subfield><subfield code="0">(OCoLC)fst01211151</subfield></datafield><datafield ind1=" " ind2="7" tag="651"><subfield code="a">Florida</subfield><subfield code="z">Pinellas County.</subfield><subfield code="2">fast</subfield><subfield code="0">(OCoLC)fst01209407</subfield></datafield><datafield ind1=" " ind2="7" tag="651"><subfield code="a">Florida</subfield><subfield code="z">Tarpon Springs.</subfield><subfield code="2">fast</subfield><subfield code="0">(OCoLC)fst01212919</subfield></datafield><datafield ind1=" " ind2=" " tag="752"><subfield code="a">United States</subfield><subfield code="b">Florida</subfield><subfield code="c">Pinellas</subfield><subfield code="d">Tarpon Springs.</subfield></datafield><datafield ind1=" " ind2=" " tag="752"><subfield code="a">United States</subfield><subfield code="b">Florida</subfield><subfield code="c">Pinellas</subfield><subfield code="d">Palm Harbor.</subfield></datafield><datafield ind1=" " ind2=" " tag="752"><subfield code="a">United States</subfield><subfield code="b">Florida</subfield><subfield code="c">Pasco</subfield><subfield code="d">Holiday.</subfield></datafield><datafield ind1="0" ind2=" " tag="775"><subfield code="t">Safety Harbor herald</subfield><subfield code="h">[microform]</subfield><subfield code="w">(DLC)sn 96027728</subfield><subfield code="w">(OCoLC)36075968</subfield></datafield><datafield ind1="1" ind2=" " tag="776"><subfield code="c">Original</subfield><subfield code="w">(DLC)sn 96027735</subfield><subfield code="w">(OCoLC)36079400</subfield></datafield><datafield ind1="1" ind2="4" tag="780"><subfield code="t">Palm Harbor herald</subfield><subfield code="h">[microform]</subfield></datafield><datafield ind1="1" ind2="4" tag="780"><subfield code="t">Holiday herald (Holiday, Fla.)</subfield><subfield code="h">[microform]</subfield></datafield><datafield ind1="1" ind2="4" tag="780"><subfield code="t">Tarpon Springs herald (Tarpon Springs, Fla. : 1973)</subfield><subfield code="h">[microform]</subfield><subfield code="w">(DLC)sn 96027730</subfield><subfield code="w">(OCoLC)36076804</subfield></datafield><datafield ind1=" " ind2=" " tag="850"><subfield code="a">FU</subfield><subfield code="a">FU (master)</subfield></datafield></record>